@misc{ sensordoc,
   author = "ROHM Co., Ltd.",
   title = "Digital 16bit Serial Output Type Ambient Light Sensor IC",
   year = "2011",
   url = "https://drive.google.com/file/d/14TgYoCILyeGwoYwKgY8J0QdRMJRrRjMa/view",
   note = "[Online; vid. 11. 12. 2022]"
 }

@misc{I2Cdoc,
    author = "Espressif Systems (Shanghai) Co., Ltd.",
    title = "Inter-Integrated Circuit (I2C)",
    year = "2016",
    url = "https://docs.espressif.com/projects/esp-idf/en/latest/esp32/api-reference/peripherals/i2c.html",
    note = "[Online; vid. 11. 12. 2022]"
}

@misc{UARTdoc,
    author = "Espressif Systems (Shanghai) Co., Ltd.",
    title = "Inter-Integrated Circuit (I2C)",
    year = "2016",
    url = "https://docs.espressif.com/projects/esp-idf/en/latest/esp32/api-reference/peripherals/uart.html",
    note = "[Online; vid. 11. 12. 2022]"
}

@misc{NVSdoc,
    author = "Espressif Systems (Shanghai) Co., Ltd.",
    title = "Inter-Integrated Circuit (I2C)",
    year = "2016",
    url = "https://docs.espressif.com/projects/esp-idf/en/latest/esp32/api-reference/storage/nvs_flash.html",
    note = "[Online; vid. 11. 12. 2022]"
}

@misc{LEDCdoc,
    author = "Espressif Systems (Shanghai) Co., Ltd.",
    title = "Inter-Integrated Circuit (I2C)",
    year = "2016",
    url = "https://docs.espressif.com/projects/esp-idf/en/latest/esp32/api-reference/peripherals/ledc.html",
    note = "[Online; vid. 11. 12. 2022]"
}
 