% Aktívne vs pasívne monitorovanie
@Book{matousek,
  author = "Petr Matou\v{s}ek",
  title = "S\'{i}\v{t}ov\'{e} slu\v{z}by a jejich architektura",
  pages = 396,
  year = 2014,
  location = "Brno",
  publisher = "Publishing house of Brno University of Technology VUTIUM",
  ISBN = "978-80-214-3766-1",
  language = "czech",
  url = "https://www.fit.vut.cz/research/publication/10567"
}

% Vývoj NetFlow až po IPFIX
@Webpage{vyvoj_netflow,
  author = {Noction},
  title = {The Evolution of Network Flow Monitoring, from NetFlow to IPFIX},
  month = {Júl},
  year = {2020},
  howpublished = {online, vid. 28.02.2023},
  url = {https://www.noction.com/blog/network-flow-monitoring},
}

% IPFIX architektúra
@Article{ipfix_architektura,
  author={Rick Hofstede and Pavel Čeleda and Brian Trammell and Idilio Drago and Ramin Sadre and Anna Sperotto and Aiko Pras},
  journal={IEEE Communications Surveys \& Tutorials},
  title={Flow Monitoring Explained: From Packet Capture to Data Analysis With NetFlow and IPFIX},
  year={2014},
  volume={16},
  number={4},
  pages={2037-2064},
  issn={1553-877X},
  doi={10.1109/COMST.2014.2321898}
}

% Definícia toku, popis štruktúry IPFIX správy
@TechReport{rfc7011,
  author = {Benoît Claise and Paul Aitken and Brian Trammell},
  title = {Specification of the IP Flow Information Export (IPFIX) Protocol for the Exchange of Flow Information},
  number = {7011},
  type = {RFC},
  year = {2013},
  month = {September},
  medium = {online},
  publisher = {RFC Editor},
  institution = {RFC Editor},
  issn = {2070-1721},
  DOI = {10.17487/RFC7011},
  URL = {https://www.rfc-editor.org/rfc/rfc7011.txt},
}

@TechReport{rfc5153,
  author = {E. Boschi and L. Mark and J. Quittek and M. Stiemerling and P. Aitken},
  title = {IP Flow Information Export (IPFIX) Implementation Guidelines},
  number = {5153},
  type = {RFC},
  year = {2008},
  month = {Apríl},
  medium = {online},
  publisher = {RFC Editor},
  institution = {RFC Editor},
  issn = {2070-1721},
  DOI = {10.17487/RFC5153},
  URL = {https://www.rfc-editor.org/rfc/rfc5153.txt},
}

% Stará definícia IPFIX
@TechReport{rfc5101,
  author = {Benoît Claise},
  title = {Specification of the IP Flow Information Export (IPFIX) Protocol for the Exchange of IP Traffic Flow Information},
  number = {5101},
  type = {RFC},
  year = {2008},
  month = {Január},
  medium = {online},
  publisher = {RFC Editor},
  institution = {RFC Editor},
  issn = {2070-1721},
  DOI = {10.17487/RFC5101},
  URL = {http://www.rfc-editor.org/rfc/rfc5101.txt},
}

% Ďalšia architektúra IPFIX, najmä proces exportéru
@TechReport{rfc5470,
  author = {G. Sadasivan and N. Brownlee and B. Claise and J. Quittek},
  title = {Architecture for IP Flow Information Export},
  number = {5470},
  type = {RFC},
  year = {2009},
  month = {Marec},
  medium = {online},
  publisher = {RFC Editor},
  institution = {RFC Editor},
  issn = {2070-1721},
  DOI = {10.17487/RFC5470},
  URL = {http://www.rfc-editor.org/rfc/rfc5470.txt},
}

% Stará definícia IPFIX elementov
@TechReport{rfc5102,
  author = {J. Quittek and S. Bryant and B. Claise and P. Aitken and J. Meyer},
  title = {Information Model for IP Flow Information Export},
  number = {5102},
  type = {RFC},
  year = {2008},
  month = {Január},
  medium = {online},
  publisher = {RFC Editor},
  institution = {RFC Editor},
  issn = {2070-1721},
  DOI = {10.17487/RFC5102},
  URL = {http://www.rfc-editor.org/rfc/rfc5102.txt},
}

% Definícia IPFIX elementov, spôsob rozširovania
@TechReport{rfc7012,
  author = {B. Claise and B. Trammell},
  title = {Information Model for IP Flow Information Export (IPFIX)},
  number = {7012},
  type = {RFC},
  year = {2013},
  month = {September},
  medium = {online},
  publisher = {RFC Editor},
  institution = {RFC Editor},
  issn = {2070-1721},
  DOI = {10.17487/RFC7012},
  URL = {http://www.rfc-editor.org/rfc/rfc7012.txt},
}

@TechReport{rfc1930,
  author = {J. Hawkinson and T. Bates},
  title = {Guidelines for creation, selection, and registration of an Autonomous System (AS)},
  number = {1930},
  type = {RFC},
  year = {1996},
  month = {March},
  medium = {online},
  publisher = {RFC Editor},
  institution = {RFC Editor},
  issn = {2070-1721},
  DOI = {10.17487/RFC1930},
  URL = {http://www.rfc-editor.org/rfc/rfc1930.txt},
}

% IPFIXcol2
@MastersThesis{hutak,
  author = {Lukáš Huták},
  title = {Nová generace IPFIX kolektoru},
  address = {Brno},
  year = {2018},
  school = {Vysok\'{e} u\v{c}en\'{i} technick\'{e} v Brn\v{e}, Fakulta informa\v{c}n\'{i}ch technologi\'{i}},
  type = {Diplomová práce},
  medium = {online},
  URL = {http://hdl.handle.net/11012/84955},
  supervisor = {Jan Wrona}
}

# Profilovanie a filtrovanie, sedlak
@bachelorsthesis{sedlak,
  author = "Michal Sedl\'{a}k",
  title = "Filtrace a profilov\'{a}n\'{i} IP tok\r{u}",
  address = "Brno",
  year = 2020,
  school = "Vysok\'{e} u\v{c}en\'{i} technick\'{e} v Brn\v{e}, Fakulta informa\v{c}n\'{i}ch technologi\'{i}",
  type = "Bakal\'{a}\v{r}sk\'{a} pr\'{a}ce",
  medium = {online},
  url = "https://www.fit.vut.cz/study/thesis/22989/",
  supervisor = {Jan Kučera}
}

% IPFIXcol
@InProceedings{ipfixcol,
  author={Petr Velan and Radek Krej{\v{c}}{\'i}},
  editor={Ramin Sadre and Ji{\v{r}}{\'i} Novotn{\'y} and Pavel {\v{C}}eleda and Martin Waldburger and Burkhard Stiller},
  title={Flow Information Storage Assessment Using IPFIXcol},
  booktitle={Dependable Networks and Services},
  year={2012},
  publisher={Springer Berlin Heidelberg},
  address={Berlin, Heidelberg},
  pages={155--158},
  isbn={978-3-642-30633-4}
}

% SYN flood utok
@Webpage{wiki:SYN_flood,
  author = "Wikipedia",
  title = "SYN flood --- Wikipedia, The Free Encyclopedia",
  day = "21",
  month = "Máj",
  year = "2023",
  howpublished = {online, vid. 10.03.2023},
  url = {https://en.wikipedia.org/wiki/SYN_flood},
}

% CESNET, distibuovana architektura koletorov
@TechReport{distribuovana_architektura,
  author = {Martin Žádník and Pavel Krobot and Lukáš Kekely and Viktor Puš and Jan Kořenek},
  title = {Distribuovaný kolektor záznamů o IP tocích},
  subtitle = {návrh a první experiment},
  howpublished = {online, vid. 10.03.2023},
  organization = {CESNET},
  month = {December},
  year = {2014},
  url = {https://www.cesnet.cz/wp-content/uploads/2015/04/securitycloud.pdf}
}

% Porovnanie kolektorov
@InProceedings{velan_kolektory,
  author = {Velan, Petr},
  booktitle={International Symposium on Integrated Network Management},
  editor = {IFIP/IEEE},
  title = {Practical experience with IPFIX flow collectors},
  year = {2013},
  month = {Január},
  pages = {1021-1026},
  isbn = {978-1-4673-5229-1},
  howpublished = {online, vid. 10.03.2023},
  url = {https://is.muni.cz/publication/1120446/ipfix-collectors-paper.pdf}
}

@Article{geoip,
author = {Muir, James A. and Oorschot, Paul C. Van},
title = {Internet Geolocation: Evasion and Counterevasion},
year = {2009},
issue_date = {December 2009},
publisher = {Association for Computing Machinery},
address = {New York, NY, USA},
volume = {42},
number = {1},
issn = {0360-0300},
url = {https://doi.org/10.1145/1592451.1592455},
doi = {10.1145/1592451.1592455},
month = {dec},
articleno = {4},
numpages = {23},
}