@Article{Schatz2017,
    author = {Schatz Daniel and Bashroush Rabih and Wall Julie},
    title  = {Towards a More Representative Definition of Cyber Security},
    journal = {Journal of Digital Forensics, Security and Law},
    volume = {12},
    number = {2},
    year = {2017},
    pages = {64\,--\,65},
}

@Article{CyberBullying,
    author = {Susan Keith and Michelle Martin},
    title  = {Cyber-Bullying, Creating a Culture of Respect in a Cyber World},
    journal = {Reclaiming Children and Youth},
    volume = {13},
    number = {4},
    year = {2005},
    pages = {224},
}


@Article{CyberBullyingStudy,
    author = {Patricia Agatston and Robin Kowalski and Susan Limber},
    title  = {Students’ Perspectives on Cyber Bullying},
    journal = {Journal of Adolescent Health},
    volume = {41},
    number = {6},
    year = {2007},
    pages = {59\,--\,60},
}

@InBook{Shostack2014,
    author = {Shostack Adam},
    title = {Threat Modeling: Designing for Security},
    year = {2014},
    isbn = {1118809998},
    publisher = {Wiley Publishing},
    edition = {1st},
    chapter = {Dive In and Threat Model!},
    pages = {3},
}

@InBook{Kolouch2019,
    author = {Jan Kolouch and Pavel Bašta and others},
    title = {Cybersecurity},
    year = {2019},
    isbn = {978-80-88168-31-7},
    publisher = {CZ.NIC},
    edition = {1st},
    chapter = {Základní terminologie},
    pages = {82},
}

@Misc{wiki:Phishing,
   author = {Wikipédia},
   title = {Phishing\,--\,Wikipedia, Slobodná encyklopédia},
   year = {rev. 18.01.2022},
   howpublished = {[Online]},
   note = {[vid. 14.04.2022]},
   url = {http://sk.wikipedia.org/w/index.php?title=Phishing},
 }
 
@Misc{wiki:Spam,
   author = {Wikipédia},
   title = {Spam\,--\,Wikipédia, Slobodná encyklopédia},
   year = {rev. 3.01.2022}, 
   howpublished = {[Online]},
   note = "[vid. 14.04.2022]",
   url = {https://sk.wikipedia.org/w/index.php?title=Spam},
}

@Misc{SocialEngineering,
   author = {Imperva},
   title = {Social Engineering},
   year = {2021}, 
   howpublished = {[Online]},
   note = "[vid. 14.04.2022]",
   url = {https://www.imperva.com/learn/application-security/social-engineering-attack/},
}

@MastersThesis{Hranicky2016,
    author = {Radek Hranický},
	title = {Digitální forenzní analýza s pouzitím distribuovaného výpoctu},
	school = {Vysoké učení technické v Brně. Fakulta informačních technologií},
	year = {2016},
	type = {Dizertačná práca},
}

@MastersThesis{Gerlichy2017,
    author = {Tomáš Gerlichí},
	title = {Detekce útoků cílených na odepření služeb},
	school = {Vysoké učení technické v Brně. Fakulta elektrotechniky a komunikačních technologií},
	year = {2017},
	type = {Diplomová práca},
}
